@article{2, title="Pair production in a strong wake field driven by an intense short laser pulse", volume="46", DOI="10.1103/physreva.46.6608", number="10", journal="Physical Review A", author="Berezhiani, V. I. and Tskhakaya, D. D. and Shukla, P. K.", year="1992", pages="6608-6612" },

@book{8, title="Positron-electron pairs in astrophysics", publisher="American Institute of Physics", author="Burns, Michael L", year="1983"}, 

@article{9, title="Experiments on ion-acoustic solitary waves", volume="16", DOI="10.1063/1.1694194", number="10", journal="Physics of Fluids", author="Ikezi, H.", year="1973", pages="1668" }, 

@article{14, title="Dust-ion-acoustic solitary waves and their multi-dimensional instability in a magnetized nonthermal dusty electronegative plasma", volume="343", DOI="10.1007/s10509-012-1223-2", number="1", journal="Astrophysics and Space Science", author="Kundu, N. R. and Masud, M. M. and Ashrafi, K. S. and Mamun, A. A.", year="2012", pages="279-287" }, 

@article{15, title="Cylindrical and spherical dust ion acoustic solitary waves in a relativistic dust plasma", volume="82", DOI="10.1088/0031-8949/82/06/065402", number="6", journal="Physica Scripta", author="Liu, H F and Wang, S Q and Li, C Z and Xiang, Q and Yang, F Z and Liu, Y", year="2010", pages="065402"}, 

@article{3, title="Theory of pulsar magnetospheres", volume="54", DOI="10.1103/revmodphys.54.1", number="1", journal="Reviews of Modern Physics", author="Michel, F. Curtis", year="1982", pages="1-66"}, 

@book{4, place="Chicago", title="Theory of neutron star magnetospheres", publisher="University of Chicago Press", author="Michel, F. Curtis", year="1991"}, 

@book{1, title="Active galactic nuclei. Proceedings of a conference held at the Georgia State University, Atlanta, Georgia. 28-30 October, 1987", publisher="Berlin", author="Miller, H. Richard and Wiita, Paul J", year="1987"}, 

@book{6, title="Gravitation", publisher="Freeman", author="Misner, Charles W and Thorne, Kip S and Wheeler, John Archibald", year="1973"}, 

@article{13, title="Dust acoustic solitary and shock waves in strongly coupled dusty plasmas with nonthermal ions", volume="73", DOI="10.1007/s12043-009-0158-9", number="5", journal="Pramana", author="Pakzad, Hamid Reza and Javidan, Kurosh", year="2009", pages="913-926"},

@article{12, title="Dust-acoustic waves in dusty plasmas", volume="38", DOI="10.1016/0032-0633(90)90147-i", number="4", journal="Planetary and Space Science", author="Rao, N.N. and Shukla, P.K. and Yu, M.Y.", year="1990", pages="543-546"},

@article{11, title="Introduction to Dusty Plasma Physics", volume="44", DOI="10.1088/0741-3335/44/3/701", number="3", journal="Plasma Physics and Controlled Fusion", author="Shukla, P K and Mamun, A A", year="2002", pages="395-395"}, 

@book{10, title="Summary of particle population in the magnetosphere", publisher="Goddard Space Flight Center", author="Vette, James I", year="1969"}, 

@book{7, author = " Rees, M., J.", title = "In the Very Early Universe", year = "1983", publisher = "Cambridge: Cambridge University Press",},

@book{5,	 title="Gravitation and cosmology", author="Weinberg, Steven", year="1972" },

@Article{16,author = "Chandra, S., Paul, S., & Ghosh, B.",title = "Electron-acoustic solitary waves in a relativistically degenerate quantum plasma with two-temperature electrons",journal = "Astrophysics And Space Science",year = "2012",volume = "343(1)",pages = "213-219"},

@Article{17,author = "Chetia, S.",title = "Ion Acoustic Waves in a Unidirected Dusty Plasma",journal = "International Journal Of Mathematics Trends And Technology",year = "2018",volume = "56(1)",pages = "21-27"}

